@TECHREPORT{Jones10universallocal,
    author = {Peter W Jones and Mauro Maggioni and Raanan Schul},
    title = {Universal local parametrizations via heat kernels and eigenfunctions of the laplacian},
    institution = {},
    year = {2010}
}

@MISC{Nadler05diffusionmaps,,
	author = {B Nadler and S Lafon and R Coifman and I Kevrekidis},
	title = {Diffusion maps, spectral clustering and the reaction coordinates of dynamical systems},
	year = {2005}
}


@ARTICLE{Szlam_regularizationon,
	author = {A Szlam and M Maggioni and R R Coifman},
	title = {Regularization on graphs with function-adapted diffsion processes},
	journal = {Journal of Machine Learning Research},
	year = {},
	number = {9},
	pages = {1711--1739}
}

@ARTICLE{Coifman06diffusionwavelets,
	author = {R Coifman and M Maggioni},
	title = {Diffusion wavelets},
	journal = {Applied and Computational Harmonic Analysis},
	year = {2006},
	number = {21},
	pages = {53--94}
}

@MISC{Jones08universallocal,
	author = {P W Jones and M Maggioni and R Schul},
	title = {Universal local parametrizations via heat kernels and eigenfunctions of the laplacian. Submitted},
	year = {2008}
}

@ARTICLE{Maggioni08diffusionpolynomial,
	author = {M Maggioni and H N Mhaskar},
	title = {Diffusion polynomial frames on metric measure spaces},
	journal = {Appl. Comput. Harm. Anal},
	year = {2008},
	number = {24},
	pages = {329--353}
}

@INPROCEEDINGS{Maggioni05biorthogonaldiffusion,
	author = {M Maggioni and J Bremer Jr and R Coifman and A Szlam},
	title = {Biorthogonal diffusion wavelets for multiscale representations on manifolds and graphs},
	booktitle = {In Proc. SPIE Wavelet XI},
	year = {2005}
}

@INPROCEEDINGS{Mahoney06tensor-curdecompositions,
	author = {M W Mahoney and M Maggioni and P Drineas},
	title = {Tensor-cur decompositions for tensor-based data},
	booktitle = {In KDD},
	year = {2006},
	pages = {327--336}
}

@MISC{Szlam05diffusion-drivenmultiscale,
	author = {A D Szlam and M Maggioni and R R Coifman and J C Bremer Jr},
	title = {Diffusion-driven multiscale analysis on manifolds and graphs: top-down and bottom-up constructions. volume 5914, page 59141D. SPIE},
	year = {2005}
}

@article{berard1994embedding,
  title={Embedding Riemannian manifolds by their heat kernel},
  author={B{\'e}rard, Pierre and Besson, G{\'e}rard and Gallot, Sylvain},
  journal={Geometric \& Functional Analysis GAFA},
  volume={4},
  number={4},
  pages={373--398},
  year={1994},
  publisher={Springer}
}