
%%%%%%%%%%%%%%%%%%%%%%%%%%%%%%
@INPROCEEDINGS{PCACollins01ageneralization,
	author = {M Collins and S Dasgupta and R Schapire},
	title = {A generalization of principal component analysis to the exponential family},
	booktitle = {Advances in Neural Information Processing Systems},
	year = {2001},
	publisher = {MIT Press}
}

%%%%%%%%%%%%%%%%%%%%%%%%%%%%%%%GRAPH LAPLACIAN
@INPROCEEDINGS{GLPAnaFred,
	author = {Richard C WILSON, Edwin R HANCOCK },
    title = {Spectral Analysis of Complex Laplacian Matrices},
	booktitle = {Structural, syntactic, and statistical pattern recognition: Joint IAPR international workshops, SSPR 2004 and SPR 2004, Lisbon, Portugal, August 18-20, 2004},
    year = {2004}
}

@INPROCEEDINGS{GLPCrescenzi96toweight,
	author = {P Crescenzi and R Silvestri and L Trevisan},
	title = {To weight or not to weight: Where is the question},
	booktitle = {In Proc. of 4th Israel Symp. on Theory of Computing and Systems},
	year = {1996},
	pages = {68--77}
}

@INPROCEEDINGS{GLPBoydconvexoptimization,
	author = {S Boyd},
	title = {Convex optimization of graph Laplacian eigenvalues},
	booktitle = {in International Congress of Mathematicians},
	pages = {1311--1319}
}

@ARTICLE{GLPGuatterygraphembeddings,
	author = {S Guattery and G L Miller},
	title = {Graph embeddings and Laplacian eigenvalues},
	journal = {SIAM Journal on Matrix Analysis and Applications},
	number = {21},
}

@INPROCEEDINGS{GLPChung93laplaciansof,
	author = {F R K Chung},
	title = {Laplacians of graphs and Cheeger's inequalities},
	booktitle = {Proc. Int. Conf. Combinatorics, Paul Erdos is Eighty},
	year = {1993},
	pages = {1--16}
}

@MISC{GLPPatithethird,
	author = {Sukanta Pati},
	title = {The Third Smallest Eigenvalue Of The Laplacian Matrix},
}
@INPROCEEDINGS{GLPSpectralAnalysisComplexLaplacianMatrices,
author = {M Ledoux},
title  = {Structural, Syntactic, and Statistical Pattern Recognition,
               Joint IAPR International Workshops, SSPR 2004 and SPR 2004,
               Lisbon, Portugal, August 18-20, 2004 Proceedings},
booktitle = {SSPR/SPR},
publisher = {Springer},
year      = {2004}
}

@MISC{GLPKellersignedgraph,
	author = {Mitchel T. Keller},
	title = {SIGNED GRAPH LAPLACIANS}
}

%%%%%%%%%%%%%%%%%%%%DIFFUSION MAPS
@ARTICLE{DMLafferty05diffusionkernels,
	author = {J Lafferty and G Lebanon},
	title = {Diffusion kernels on statistical manifolds},
	journal = {Journal of Machine Learning Research},
	year = {2005},
	number = {6},
	pages = {2005}
}

@INPROCEEDINGS{DMNadler06diffusionmaps,
	author = {B Nadler and S Lafon and R R Coifman and I G Kevrekidis},
	title = {Diffusion maps, spectral clustering and the reaction coordinates of dynamical systems},
	booktitle = {Applied and Computational Harmonic Analysis: Special issue on Diffusion Maps and Wavelets},
	year = {2006}
}

@MISC{DMBremerabstractdiffusion,
	author = {James C Bremer and Ronald R Coifman and Mauro Maggioni and Arthur D Szlam},
	title = {Abstract Diffusion Wavelet Packets}
}

@MISC{DMCarnegieinformationdiffusion,
	author = {John Lafferty Carnegie and John Lafferty and Guy Lebanon},
	title = {Information Diffusion Kernels}
}

@INPROCEEDINGS{DMKubota00reactiondiffusionsystems,
	author = {T Kubota and F Espinal},
	title = {Reaction-diffusion systems for hypothesis propagation},
	booktitle = {In Int. Conf. Pattern Recognition},
	year = {2000},
	pages = {3547}
}

@MISC{DMCoifmandiffusionmaps,
	author = {R. R. Coifman and I. G. Kevrekidis and S. Lafon and M. Maggioni and B. Nadler},
	title = {DIFFUSION MAPS, REDUCTION COORDINATES AND LOW DIMENSIONAL REPRESENTATION OF STOCHASTIC SYSTEMS}
}


%%%%%%%%%%%%%%%%%%MEASURE CONCENTRATION
@ARTICLE{MCTalagrand95concentrationof,
	author = {M Talagrand},
	title = {Concentration of measure and isoperimetric inequalities in product spaces},
	journal = {Publ. Math. IHES},
	year = {1995},
	number = {81},
	pages = {73--205}
}

@MISC{MCMuyan_ablessing,
	author = {Pinar Muyan and Nando De Freitas},
	title = {A Blessing of Dimensionality: Measure Concentration and Probabilistic Inference},
	year = {}
}

@INPROCEEDINGS{MCArora04expanderflows,
	author = {S Arora and S Rao and U Vazirani},
	title = {Expander flows, geometric embeddings and graph partitioning},
	booktitle = {In Proceedings of the 36th Annual ACM Symposium on Theory of Computing},
	year = {2004},
	pages = {222--231}
}

@ARTICLE{MCSinclair92improvedbounds,
	author = {A Sinclair},
	title = {Improved bounds for mixing rates of Markov chains and multicommodity flow},
	journal = {Combinatorics, Prob., Comput},
	year = {1992},
	number = {1}
}

@INPROCEEDINGS{MCBoucheron04concentrationinequalities,
	author = {S Boucheron and O Bousquet and G Lugosi},
	title = {Concentration inequalities},
	booktitle = {Advanced Lectures in Machine Learning},
	year = {2004},
	pages = {208--240},
	publisher = {Springer}
}

@INPROCEEDINGS{MCFRIEDMAN96computingbetti,
	author = {J FRIEDMAN},
	title = {Computing Betti numbers via combinatorial Laplacians},
	booktitle = {In Proc. 28th Ann. ACM Sympos. Theory Comput},
	year = {1996},
	pages = {386--391}
}

@TECHREPORT{MCBartlett03convexity,
	author = {P L Bartlett and M I Jordan and J D McAuliffe},
	title = {Convexity, classification, and risk bounds},
	institution = {Journal of the American Statistical Association},
	year = {2003}
}


@INPROCEEDINGS{MCLedoux04spectralgap,
	author = {M Ledoux},
	title = {Spectral gap, logarithmic Sobolev constant, and geometric bounds},
	booktitle = {Surveys in Diff. Geom., Vol. IX, 219â€“240, Int},
	year = {2004},
	pages = {2195409},
	publisher = {Press}
}

%%%%%%%%%%%%%%%%%%%%CONVEX OPTIMIZATION SDP%%%%%%%%%%%%%%%%%%%%%%%%%%%%%%%%%%
INPROCEEDINGS{COBoyd_convexoptimization,
	author = {S Boyd},
	title = {Convex optimization of graph Laplacian eigenvalues},
	booktitle = {in International Congress of Mathematicians},
	pages = {1311--1319}
}

@ARTICLE{COXiao04fastlinear,
	author = {L Xiao and S Boyd},
	title = {Fast Linear Iterations for Distributed Averaging},
	journal = {Systems and Control Letters},
	year = {2004},
	number = {53},
	pages = {65--78}
}

@INPROCEEDINGS{COWeinberger04unsupervisedlearning,
	author = {K Q Weinberger and L K Saul},
	title = {Unsupervised learning of image manifolds by semidefinite programming},
	year = {2004},
	pages = {988--995}
}

@MISC{COAlizadeh96primaldualinteriorpoint,
	author = {F Alizadeh and J-P A Haeberly and M L Overton},
	title = {Primal-dual interior-point methods for semidefinite programming: convergence rates, stability and numerical results. Working paper},
	year = {1996}
}

@TECHREPORT{COSturm95symmetricprimaldual,
	author = {J F Sturm and S Zhang},
	title = {Symmetric primal-dual path following algorithms for semidefinite programming},
	year = {1995}
}

@ARTICLE{COLewis96eigenvalueoptimization,
	author = {A S Lewis and M L Overton},
	title = {Eigenvalue optimization},
	journal = {Acta Numerica},
	year = {1996},
	pages = {149--190}
}

@ARTICLE{COLanckriet04learningthe,
	author = {G R G Lanckriet and N Cristianini and P Bartlett and L El Ghaoui and M I Jordan},
	title = {Learning the kernel matrix with semidefinite programming},
	journal = {Journal of Machine Learning Research},
	year = {2004},
	number = {5},
	pages = {2004}
}

@INPROCEEDINGS{COVandenberghe96connectionsbetween,
	author = {L Vandenberghe and S Boyd},
	title = {Connections between semi-infinite and semidefinite programming},
	booktitle = {Proceedings of the International Workshop on Semi-Infinite Programming},
	year = {1996},
	publisher = {Kluwer Academic Publishers}
}

@INPROCEEDINGS{COVandenberghe95aprimaldual,
	author = {L Vandenberghe and S Boyd},
	title = {A primal-dual potential reduction method for problems involving matrix inequalities},
	booktitle = {Mathematical Programming},
	year = {1995},
	pages = {69--205}
}

@TECHREPORT{COHelmberg94aninteriorpoint,
	author = {C Helmberg and F Rendl and R J Vanderbei and H Wolkowicz},
	title = {An interior-point method for semidefinite programming},
	institution = {Princeton University},
	year = {1994}
}

@ARTICLE{COSturm99usingsedumi,
	author = {J F Sturm},
	title = {Using SeDuMi 1.02, a MATLAB toolbox for optimization over symmetric cones},
	journal = {Optimization Methods and Software},
	year = {1999},
	number = {11},
	pages = {11--12}
}

@ARTICLE{COVandenberghe96semidefiniteprogramming,
	author = {L Vandenberghe and S Boyd},
	title = {Semidefinite programming},
	journal = {SIAM Review},
	year = {1996},
	number = {38},
	pages = {49--95}
}

@ARTICLE{COToh99sdpt3,
	author = {K C Toh and M J Todd and R H Tutuncu},
	title = {SDPT3 - A Matlab Software Package for semidefinite programming, version 2.1},
	journal = {Optimisation Methods and Software},
	year = {1999},
	number = {11},
	pages = {1--49}
}

@ARTICLE{COBenson97solvinglargescale,
	author = {S J Benson and Y Ye and X Zhang},
	title = {Solving large-scale sparse semidefinite programs for combinatorial optimization},
	journal = {SIAM Journal on Optimization},
	year = {1997},
	number = {10},
	pages = {443--461}
}





%%%%%%%%%%%%%%%%%%%%%%%%%%%%STATISTICAL LEARNING THEORY
@ARTICLE{KLScholkopf00newsupport,
	author = {B Scholkopf and A Smola and R C Williamson and P L Bartlett},
	title = {New support vector algorithms},
	journal = {Neural Computation},
	year = {2000},
	number = {12},
	pages = {112--1}
}

@TECHREPORT{KLShevade99improvementsto,
	author = {S K Shevade and S S Keerthi and C Bhattacharyya and K R K Murthy},
	title = {Improvements to SMO algorithm for SVM regression},
	institution = {IEEE Transactions on Neural Networks},
	year = {1999}
}

@ARTICLE{KLKeerthi99improvementsto,
	author = {S S Keerthi and S K Shevade and C Bhattacharyya and K R K Murthy},
	title = {Improvements to Platt's SMO algorithm for SVM classifier design},
	journal = {Neural Computation},
	year = {1999},
	number = {13},
	pages = {637--649}
}

@TECHREPORT{KLScholkopf00statisticallearning,
	author = {B Scholkopf},
	title = {Statistical learning and kernel methods},
	journal = {Bioinformatics Artificial Intelligence and Heuristic Methods in Bioinformatics 183, (Eds.) P. Frasconi und R. Shamir, IOS},
	year = {2000}
}

@ARTICLE{KLBurges98atutorial,
	author = {C J C Burges},
	title = {A tutorial on support vector machines for pattern recognition},
	journal = {Data Mining and Knowledge Discovery},
	year = {1998},
	number = {2},
	pages = {121--167}
}

@INPROCEEDINGS{KLTsang03distancemetric,
	author = {I W Tsang and J T Kwok},
	title = {Distance metric learning with kernels},
	booktitle = {Proceedings of the International Conference on Artificial Neural Networks},
	year = {2003},
	pages = {126--129}
}

@INPROCEEDINGS{KLWeston00featureselection,
	author = {J Weston and S Mukherjee and O Chapelle and M Pontil and T Poggio and V Vapnik},
	title = {Feature selection for SVMs},
	booktitle = {Advances in Neural Information Processing Systems 13},
	year = {2000},
	pages = {668--674},
	publisher = {MIT Press}
}

@MISC{KLProgramminglearningthe,
	author = {With Semi-Definite Programming and Gert Lanckriet and Nello Cristianini and Laurent El Ghaoui},
	title = {Learning the Kernel Matrix}

}
@INPROCEEDINGS{KLSchultz03learninga,
	author = {M Schultz and T Joachims},
	title = {Learning a distance metric from relative comparisons},
	booktitle = {In NIPS},
	year = {2003},
	publisher = {MIT Press}
}


%%%%%%%%%%%%%%%%%%%%%%%%%%%%%%%%%%SPR  GLM Exponential Family
@ARTICLE{EFMcCullagh89generalizedlinear,
	author = {P McCullagh and J A Nelder},
	title = {Generalized Linear Models},
	journal = {},
	year = {1989}
}


@TECHREPORT{EFWainwright03graphicalmodels,,
	author = {M J Wainwright and M I Jordan},
	title = {Graphical models, exponential families, and variational inference},
	institution = {},
	year = {2003}
}


%%%%%%%%%%%%%%%%%%%RMT
@ARTICLE{RMTTracy98correlationfunctions,
	author = {C A Tracy and H Widom},
	title = {Correlation functions, cluster functionsand spacing distribution for random matrices},
	journal = {J. Statist. Phys},
	year = {1998},
	number = {92}
}

@ARTICLE{RMTSoshnikov02anote,
	author = {A Soshnikov},
	title = {A note on universality of the distribution of the largest eigenvalues in certain sample covariance matrices},
	journal = {J. Statist. Phys},
	year = {2002},
	number = {108},
	pages = {1033--1056}
}

@INPROCEEDINGS{RMTAchlioptas04randommatrices,
	author = {D Achlioptas},
	title = {Random matrices in data analysis},
	booktitle = {Proceedings of the 15 th European Conference on Machine Learning},
	year = {2004},
	pages = {1--8}
}

@ARTICLE{RMTAlon00bipartitesubgraphs,
	author = {N Alon and B Sudakov},
	title = {Bipartite subgraphs and the smallest eigenvalue},
	journal = {Combinatorics, Probability And Computing},
	year = {2000},
	number = {9},
	pages = {1--12}
}

@TECHREPORT{RMTAlon00onthe,
	author = {N Alon and M Krivelevich and V H Vu},
	title = {On the concentration of eigenvalues of random symmetric matrices},
	institution = {Israel J. Math},
	year = {2000}
}

@ARTICLE{RMTCooper00onthe,
	author = {C Cooper},
	title = {On the Rank of Random Matrices},
	journal = {Random Struct. Algorithms},
	year = {2000},
	number = {16},
	pages = {2000}
}


%%%%%%%%%%%%%%%%%%%%%%%%%%%%%MDS





@ARTICLE{MDS_ISOMAP,
	author = {Joshua B. Tenenbaum, et al.},
	title = {A Global Geometric Framework for Nonlinear Dimensionality Reduction},
	journal = {Science 290, 2319},
	year = {2000},
	number = {290},

}

@TECHREPORT{MDSBernstein00graphapproximations,
	author = {M Bernstein and V de Silva and J C Langford and J B Tenenbaum},
	title = {Graph approximations to geodesics on embedded manifolds},
	year = {2000}
}


@ARTICLE{MDSYoung85multidimensionalscaling,
	author = {Forrest W Young},
	title = {Multidimensional Scaling, Kotz-Johnson (Ed},
	journal = {Encyclopedia of Statistical Sciences},
	year = {1985},
	number = {5},
	pages = {649--658}
}

@MISC{MDSSeDuMi99selfdualminimization,
	author = {SeDuMi},
	title = {Self-Dual Minimization over self-dual homogeneous cones. Matlab toolbox for solving optimization problems over symmetric cones. Version 1.03 (29},
	year = {1999}
}

@TECHREPORT{MDSTROSSET97distancematrix,
	author = {M W TROSSET},
	title = {Distance matrix completion by numerical optimization},
	institution = {Comput. Optim. Appl},
	year = {1997}
}

@MISC{MDSProjectmetricmultidimensional,
	author = {Eecs Final Project and Raul H. Etkin Sid},
	title = {Metric Multidimensional scaling as a convex optimization problem},
	year = {}
}

@TECHREPORT{MDSCuadras95metricscaling,
	author = {C M Cuadras and J Fortiana},
	title = {Metric scaling graphical representation of categorical data},
	institution = {Penn State University},
	year = {1995}
}

@INPROCEEDINGS{MDSTsang03distancemetric,
	author = {I W Tsang and J T Kwok},
	title = {Distance metric learning with kernels},
	booktitle = {Proceedings of the International Conference on Artificial Neural Networks},
	year = {2003},
	pages = {126--129}
}

@INPROCEEDINGS{MDSXing03distancemetric,
	author = {E P Xing and A Y Ng and M I Jordan and S Russell},
	title = {Distance metric learning, with application to clustering with side-information},
	booktitle = {Advances in Neural Information Processing Systems 15},
	year = {2003},
	pages = {505--512},
	publisher = {MIT Press}
}

@MISC{MDSSuilearningdistance,
	author = {Xin Sui},
	title = {Learning distance functions}

}

%%%%%%%%%%%%%%%%%%%%SPARSE METHODS%%%%%%%%%%%%%%%%%
@INPROCEEDINGS{SPEppstein00spanningtrees,
	author = {D Eppstein},
	title = {Spanning trees and spanners},
	booktitle = {Handbook of Computational Geometry},
	year = {2000},
	pages = {425--461},
	publisher = {Elsevier}
}

@INPROCEEDINGS{SPChandra95newsparseness,
	author = {B Chandra and G Das and G Narasimhan and J Soares},
	title = {New Sparseness Results on Graph Spanners},
	booktitle = {Internat. J. Comput. Geom. Appl},
	year = {1995},
	pages = {192--201}
}

@INPROCEEDINGS{SPBartal98onapproximating,
	author = {Y Bartal},
	title = {On approximating arbitrary metrics by tree metrics},
	booktitle = {In Proceedings of the 30th Annual ACM Symposium on Theory of Computing},
	year = {1998},
	pages = {161--168}
}
@INPROCEEDINGS{SPChung01thediameter,
	author = {F Chung and L Lu},
	title = {The diameter of random sparse graphs},
	booktitle = {Advances in Applied Math},
	year = {2001},
	pages = {26--257}
}

@INPROCEEDINGS{SPAwerbuch90sparsepartitions,
	author = {Baruch Awerbuch and David Peleg},
	title = {Sparse partitions (extended abstract},
	booktitle = {In IEEE Symposium on Foundations of Computer Science},
	year = {1990},
	pages = {503--513},
	publisher = {IEEE}
}

@INPROCEEDINGS{SPEppstein00spanningtrees,
	author = {D Eppstein},
	title = {Spanning trees and spanners},
	booktitle = {Handbook of Computational Geometry},
	year = {2000},
	pages = {425--461},
	publisher = {Elsevier}
}

@ARTICLE{SPAlthofer93onsparse,
	author = {I Althofer and G Das and D Dobkin and D Joseph and J Soares},
	title = {On sparse spanners of weighted graphs},
	journal = {Discrete and Computational Geometry},
	year = {1993},
	number = {9},
	pages = {81--100}
}

@INPROCEEDINGS{SPChandra95newsparseness,
	author = {B Chandra and G Das and G Narasimhan and J Soares},
	title = {New Sparseness Results on Graph Spanners},
	booktitle = {Internat. J. Comput. Geom. Appl},
	year = {1995},
	pages = {192--201}
}

@MISC{SPSfbgraphpartitioning,
	author = {Survey Sfb and Ulrich Elsner and A Survey},
	title = {Graph Partitioning}
}

@INPROCEEDINGS{SPYuster97independenttransversals,
	author = {R Yuster},
	title = {Independent transversals and independent coverings in sparse partite graphs},
	booktitle = {Combinatorics, Probability and Computing 6},
	year = {1997},
	pages = {115--125}
}

@MISC{SPFernholzsparserandom,
	author = {Daniel Turrin Fernholz},
	title = {Sparse Random Graphs Methods, Structure, and Heuristics  },
	year = {}
}

@INPROCEEDINGS{SPBartal98onapproximating,
	author = {Y Bartal},
	title = {On approximating arbitrary metrics by tree metrics},
	booktitle = {In Proceedings of the 30th Annual ACM Symposium on Theory of Computing},
	year = {1998},
	pages = {161--168}
}

%%%%%%%%%%%%%%%%%%%%%%%%%%%%%%%%%%%%%%%%%%%%%%%%%%%%%%%%%%SPECTRAL CLUSTERING
@INPROCEEDINGS{SCNg01onspectral,
author = {A Ng and M Jordan and Y Weiss},
title = {On spectral clustering: Analysis and an algorithm},
booktitle = {Advances in Neural Information Processing Systems 14},
year = {2001},
pages = {849--856},
publisher = {MIT Press}
}

@ARTICLE{SCSchplkopf98nonlinearcomponent,
author = {B Sch?lkopf and A Smola and K-R M?ller},
title = {Nonlinear component analysis as a kernel eigenvalue problem},
journal = {Neural Computation},
year = {1998},
number = {10},
pages = {1299--1319}
}

@INPROCEEDINGS{SCBrand03aunifying,
author = {M Brand and K Huang},
title = {A unifying theorem for spectral embedding and clustering},
booktitle = {In Proc. of the Ninth International Workshop on AI and Statistics},
year = {2003}
}

@INPROCEEDINGS{SCWeiss99segmentationusing,
author = {Y Weiss},
title = {Segmentation using eigenvectors: a unifying view},
booktitle = {In International Conference on Computer Vision},
year = {1999},
pages = {975--982}
}

@INPROCEEDINGS{SCDhillon03informationtheoreticcoclustering,
author = {I S Dhillon and S Mallela and D S Modha},
title = {Information-theoretic co-clustering},
booktitle = {In KDD},
year = {2003},
pages = {89--98},
publisher = {ACM Press}
}

@INPROCEEDINGS{SCKannan00onclusterings,
author = {R Kannan and S Vempala and A Vetta},
title = {On clusterings: good, bad and spectral},
booktitle = {Journal of the ACM},
year = {2000},
pages = {367--377}
}

%%%%%%%%%%%%%%%%%%%%%%%%%%%NNMF
@MISC{NNMFLectureuseof,
author = {Adaptation In Lecture and Miroslav Novak},
title = {Use Of Non-Negative Matrix Factorization For Language Model}

}

@INPROCEEDINGS{NNMFHofmann01unsupervisedlearning,
author = {T Hofmann},
title = {Unsupervised Learning by Probabilistic Latent Semantic Analysis},
booktitle = {Machine Learning},
year = {2001},
pages = {2001}
}

@ARTICLE{NNMFHoyer04nonnegativematrix,
author = {P O Hoyer},
title = {Non-negative matrix factorization with sparseness constraints},
journal = {Journal of Machine Learning Research},
year = {2004},
number = {5},
pages = {1457--1469}
}

@MISC{NNMFTheisfirstresults,
author = {Factorization Fabian Theis and Fabian J. Theis and Kurt Stadlthanner and Toshihisa Tanaka},
title = {First Results On Uniqueness Of Sparse Non-Negative Matrix}
}

@INPROCEEDINGS{NNMFLEE01algorithmsfor,
author = {D D LEE and H S SEUNG},
title = {Algorithms for non-negative matrix factorization},
booktitle = {In NIPS},
year = {2001},
pages = {556--562},
publisher = {MIT Press}
}

@INPROCEEDINGS{NNMFGuillamet02determininga,
author = {D Guillamet and J Vitria},
title = {Determining a suitable metric when using non-negative matrix factorization},
booktitle = {In 16th International Conference on Pattern Recognition. IEEE Computer Society},
year = {2002}
}

@ARTICLE{NNMFHeiler06learningsparse,
author = {M Heiler and C Schn?rr},
title = {Learning sparse representations by non-negative matrix factorization and sequential cone programming},
journal = {Journal of Machine Learning Research},
year = {2006},
number = {7}
}

@INPROCEEDINGS{NNMFereira93distributionalclustering,
author = {F Pereira and N Tishby and L Lee},
title = {Distributional clustering of English words},
booktitle = {In Proceedings of the 31 st Annual Meeting of the ACL},
year = {1993}
}

@MISC{NNMFsemisupervisedmultilabel,
title = {Semi supervised Multilabel Learning by Constrained Non-negative Matrix Factorization},
}

%%%%%%%%%%%%%%%%%Bregman Divergence%%%%%%%%%%%%%%%%%%%%%%%%%%%%%%%%%%%%%%%%%%%%%%%%%%%%%%%%%%%%%%%%%%%%%%%%
@INPROCEEDINGS{BDAzoury99relativeloss,
	author = {K Azoury and M Warmuth},
	title = {Relative loss bounds for on-line density estimation with the exponential family of distributions},
	booktitle = {In In Proc. 15th Conf. on Uncertainty in Artificial Intelligence},
	year = {1999}
}

@INPROCEEDINGS{BDAUnifiedViewMatrixFactorizationModels,
author = {A. P. Singh and G. J. Gordon},
title = {A unified view of matrix factorization models.},
booktitle = {Machine Learning and Knowledge Discovery in Databases (Proc. ECML PKDD),
 volume 5212/2008 of Lecture Notes in Computer Science, pages 358-373.
 Springer Berlin / Heidelberg, 2008},
year = {2008}
}

@TECHREPORT{BDGordon99approximatesolutions,
	author = {G Gordon},
	title = {Approximate Solutions to Markov Decision Processes},
	year = {1999}
}


%%%%%%%%%%%%%%%%%CO-CLUSTERING%%%%%%%%%%%%%%%%%%%%%%%%%%%%%%%%%%%%%%%%%%%%%%%%%%%%%%%%%%%%%%%%%%%%%%%%%
@INPROCEEDINGS{CCAchtert06mininghierarchies,
	author = {E Achtert and C Bahm and P Krager and A Zimek},
	title = {Mining hierarchies of correlation clusters},
	booktitle = {In Proc. SSDBM},
	year = {2006}
}

@MISC{CCHupreservingpatterns,
	author = {Tianming Hu and Sam Yuan Sung},
	title = {Preserving Patterns in Bipartite Graph Partitioning}
}

@TECHREPORT{CCMerugu06multiwayclustering,
	author = {S Merugu and A Banerjee and S Basu},
	title = {Multi-way clustering on relation graphs},
	institution = {In Proc. of the 7th SIAM Intl. Conf. on Data Mining},
	year = {2006}
}

@INPROCEEDINGS{CCHofmann99probabilisticlatent,
	author = {T Hofmann},
	title = {Probabilistic latent semantic indexing},
	year = {1999},
	pages = {50--57}
}

@INPROCEEDINGS{CCDhillon03informationtheoreticcoclustering,
	author = {I S Dhillon and S Mallela and D S Modha},
	title = {Information-theoretic co-clustering},
	booktitle = {In KDD},
	year = {2003},
	pages = {89--98},
	publisher = {ACM Press}
}

@MISC{CCBanerjee,
	author = {Arindam Banerjee and Inderjit Dhillonjoydeep and Ghosh Srujana Merugu}
}

@INPROCEEDINGS{CCBanerjee04ageneralized,
	author = {A Banerjee and I Dhillon and J Ghosh and S Merugu and D Modha},
	title = {A generalized maximum entropy approach to bregman co-clustering and matrix approximation},
	booktitle = {In KDD},
	year = {2004},
	pages = {509--514}
}

@MISC{CCFredericoabipartite,
	author = {Yiling Chen Frederico},
	title = {A Bipartite Graph Co-Clustering Approach to Ontology Mapping}
}

@MISC{CCAndahierarchical,
	author = {For Summarization And and Krishna Kummamuru and Karan Singal},
	title = {A Hierarchical Monothetic Document Clustering Algorithm}
}

@MISC{CCHucoclusteringbipartite,
	author = {Tianming Hu and Chew Lim Tan and Yong Tang and Sam Yuan Sung and Hui Xiong and Chao Qu},
	title = {CO-CLUSTERING BIPARTITE WITH PATTERN PRESERVATION FOR TOPIC EXTRACTION}
}

@MISC{CCageneral,
	title = {A General Framework for Fast Co-clustering on Large Datasets Using Matrix Decomposition},
}

@INPROCEEDINGS{CCHuang06informationmarginalization,
	author = {J Huang and T Zhu and R Greiner and D Zhou and D Schuurmans},
	title = {Information marginalization on subgraphs},
	booktitle = {In PKDD},
	year = {2006}
}
%
%%%%%%%%%%%%%%%%%%%%%%%%%%%%FITNESS LANDSCAPES
%@ARTICLE{FLReidys01combinatoriallandscapes,
%	author = {C M Reidys and P F Stadler},
%	title = {Combinatorial landscapes},
%	journal = {SIAM Review},
%	year = {2001},
%	number = {44},
%	pages = {3--54}
%}
%
%@ARTICLE{FLStadler03landscapesand,
%	author = {P F Stadler and C R Stephens},
%	title = {Landscapes and effective fitness},
%	journal = {Comments on Theoretical Biology},
%	year = {2003},
%	number = {8},
%	pages = {4--5}
%}
%
%@ARTICLE{FLReidys93neutralityin,
%	author = {C M Reidys and P F Stadler},
%	title = {Neutrality in fitness landscapes},
%	journal = {Appl. Math.  Comput},
%	year = {1993},
%	number = {117},
%	pages = {187--207}
%}
%
%@ARTICLE{FLDavies01discretenodal,
%	author = {E B Davies and G M L Gladwell and J Leydold and P F Stadler},
%	title = {Discrete nodal domain theorems},
%	journal = {Lin. Alg. Appl},
%	year = {2001},
%	number = {336},
%	pages = {51--60}
%}
%
%@INPROCEEDINGS{FLRockmore01fastfourier,
%	author = {D Rockmore and P Kostelec and W Hordijk and P F Stadler},
%	title = {Fast fourier transform for fitness landscapes},
%	booktitle = {Appl. Comput. Harmonic Anal},
%	year = {2001},
%	pages = {200--2}
%}
%
%
%%%%%%%%%%%%%%%%%%%%%TRANSDUCTIVE LEARNING
%@INPROCEEDINGS{TLJoachims03transductivelearning,
%	author = {T Joachims},
%	title = {Transductive learning via spectral graph partitioning},
%	booktitle = {In ICML},
%	year = {2003},
%	pages = {290--297}
%}
%
%@INPROCEEDINGS{TLChapelle05semisupervisedclassification,
%	author = {O Chapelle and A Zien},
%	title = {Semi-supervised classification by low density separation},
%	booktitle = {In Proceedings of the Tenth International Workshop on Artificial Intelligence and Statistics},
%	year = {2005},
%	pages = {57--64}
%}
%
%@INPROCEEDINGS{TLLafferty04kernelconditional,
%	author = {J Lafferty and X Zhu and Y Liu},
%	title = {Kernel conditional random fields: representation and clique selection},
%	booktitle = {In ICML},
%	year = {2004}
%}
%
%@TECHREPORT{TLBelkinmanifoldregularization,
%	author = {M Belkin and P Niyogi and V Sindwani},
%	title = {Manifold Regularization: a Geometric Framework for Learning from Examples},
%	institution = {},
%	year = {}
%}
%
%@INPROCEEDINGS{TLBelkin04semisupervisedlearning,
%	author = {M Belkin and P Niyogi},
%	title = {Semi-supervised Learning on Riemannian Manifolds},
%	booktitle = {Machine Learning, Special Issue on Clustering},
%	year = {2004},
%	pages = {209--239}
%}
%
%@INPROCEEDINGS{TLKondor02diffusionkernels,
%	author = {R I Kondor and J Lafferty},
%	title = {Diffusion kernels on graphs and other discrete structures},
%	booktitle = {In Proceedings of the ICML},
%	year = {2002},
%	pages = {315--322}
%}

%%%%%%%%%%%%%%%%%%%%%%%%%%%%%%%BibITems entered after 022212
@ARTICLE{Moler78nineteendubious,
    author = {Cleve Moler and Charles Van Loan},
    title = {Nineteen Dubious Ways to Compute the Exponential of a Matrix},
    journal = {SIAM Review},
    year = {1978},
    volume = {20},
    pages = {801--836}
}

@ARTICLE{SDPVandenberghe_generalizedchebyshev,
    author = {Lieven Vandenberghe and Stephen Boyd and Katherine Comanor},
    title = {Generalized Chebyshev bounds via semidefinite programming},
    journal = {SIAM Review},
    year = {},
    volume = {49}
}


@ARTICLE{HuberProjectionPursuit,
    author = {Peter J. Huber},
    title = {ProjectionPursuit},
    journal = {Source: Ann. Statist.},
    year = {1985},
    volume = {13}
}

@ARTICLE{Chapelle07traininga,
    author = {Olivier Chapelle},
    title = {Training a support vector machine in the primal},
    journal = {Neural Computation},
    year = {2007},
    volume = {19},
    pages = {1155--1178}
}


@book{federer1996geometric,
  title={Geometric Measure Theory.-Reprint of the 1969 Edition},
  author={Federer, Herbert},
  year={1996},
  publisher={Springer}
}

@ARTICLE{meyer1980condition,
  title={The condition of a finite Markov chain and perturbation bounds for the limiting probabilities},
  author={Meyer, Jr, Carl D},
  journal={SIAM Journal on Algebraic Discrete Methods},
  volume={1},
  number={3},
  pages={273--283},
  year={1980},
  publisher={SIAM}
}

%CS ell0 sparse recovery is generally NP-Hard
@ARTICLE{Donoho04formost,
    author = {David L. Donoho},
    title = {For Most Large Underdetermined Systems of Linear Equations the Minimal l1-norm Solution is also the Sparsest Solution},
    journal = {Comm. Pure Appl. Math},
    year = {2004},
    volume = {59},
    pages = {797--829}
}
@article{natarajan1995sparse,
  title={Sparse approximate solutions to linear systems},
  author={Natarajan, Balas Kausik},
  journal={SIAM journal on computing},
  volume={24},
  number={2},
  pages={227--234},
  year={1995},
  publisher={SIAM}
}

%%%%%%%%%%%%%%%%%%%%%%%Nystrom
@MISC{Talwalkar_matrixcoherence,
    author = {Ameet Talwalkar and Afshin Rostamizadeh},
    title = {Matrix Coherence and the NystrÃ¶m Method},
    year = {}
}
@MISC{Zhang09density-weightednystrom,
    author = {Kai Zhang and James T. Kwok},
    title = {Density-Weighted NystrÃ¶m Method for Computing Large Kernel Eigen-Systems},
    year = {2009}
}



%%%%%%%%%%%%%%%%%%%%%%%Software
@MISC{G_ieeetrans_FFTW,
    author = {Steven G},
    title = {IEEE TRANS. SIGNAL PROCESSING, IN PRESS (2006). 1 A modified split-radix FFT with},
    year = {}
}
